@article{crn,
    title = {An effective introduction to structural crystallography                 using 1D Gaussian atoms},
    volume = 38,
    doi = {10.1088/1361-6404/aa8188},
    journaltitle = {European Journal of Physics},
    shortjournal = {Eur. J. Phys.},
    author = {E. Smith and G. Evans and J. Foadi},
    year = 2017,
    pmid = {065501}
}

@book{stoutjens,
    title = {X-ray Structure Determination. A Practical Guide},
    author = {G. H. Stout and L. H. Jensen},
    year = 1968,
    publisher = {McMillan},
    address = {New York}
}

@book{woolfson,
    author = {M. M. Woolfson},
    year = {1997}, 
    title = {An Introduction to X-ray Crystallography}, 
    publisher = {Cambridge University Press}
}

@article{pinkerton,
    title = {Why crystal structure analysis works: a one-dimensional              crystallography teaching tool},
    volume = 48,
    doi = {10.1107/S1600576715007116},
    journaltitle = {Journal of Applied Crystallography},
    shortjournal = {J. Appl. Cryst.},
    author = {A. A. Pinkerton},
    year = 2015,
    pages = {901-905}
}
    
@online{merritt,
    title = {X-ray Anomalous Scattering},
    author = {E. A. Merritt},
    year = {1996--2012},
    url = {http://skuld.bmsc.washington.edu/scatter/AS_index.html}
}
